<record><leader>00000cas a2200000 a 4500</leader><controlfield tag="001">28922305</controlfield><controlfield tag="008">931001d19041911iludn ne      0   a0eng c</controlfield><datafield ind1=" " ind2=" " tag="010"><subfield code="a">sn 93056081 </subfield></datafield><datafield ind1=" " ind2=" " tag="040"><subfield code="a">NVF</subfield><subfield code="b">eng</subfield><subfield code="c">NVF</subfield><subfield code="d">OCLCQ</subfield><subfield code="d">CVF</subfield><subfield code="d">NVF</subfield><subfield code="d">OCLCQ</subfield><subfield code="d">OCLCF</subfield><subfield code="d">NVF</subfield><subfield code="d">OCLCO</subfield></datafield><datafield ind1="1" ind2=" " tag="029"><subfield code="a">AU@</subfield><subfield code="b">000025852157</subfield></datafield><datafield ind1=" " ind2=" " tag="042"><subfield code="a">pcc</subfield></datafield><datafield ind1=" " ind2=" " tag="043"><subfield code="a">n-us-il</subfield></datafield><datafield ind1="0" ind2="0" tag="245"><subfield code="a">Freeport evening standard.</subfield></datafield><datafield ind1="1" ind2="3" tag="246"><subfield code="a">Evening Freeport standard</subfield></datafield><datafield ind1=" " ind2=" " tag="260"><subfield code="a">Freeport, Ill. :</subfield><subfield code="b">W.W. Krape,</subfield><subfield code="c">1904-1911.</subfield></datafield><datafield ind1=" " ind2=" " tag="300"><subfield code="a">v.</subfield></datafield><datafield ind1=" " ind2=" " tag="310"><subfield code="a">Daily (except Sunday)</subfield></datafield><datafield ind1="0" ind2=" " tag="362"><subfield code="a">Vol. 18, no. 84 (Dec. 14, 1904)-v. 24, no. 57 (Oct. 18, 1911).</subfield></datafield><datafield ind1=" " ind2=" " tag="500"><subfield code="a">"Evening" appears above masthead ornament.</subfield></datafield><datafield ind1=" " ind2=" " tag="580"><subfield code="a">Weekly ed.: Freeport weekly standard, &lt;1905-1910&gt;</subfield></datafield><datafield ind1=" " ind2="0" tag="651"><subfield code="a">Freeport (Ill.)</subfield><subfield code="v">Newspapers.</subfield></datafield><datafield ind1=" " ind2="7" tag="651"><subfield code="a">Illinois</subfield><subfield code="z">Freeport.</subfield><subfield code="2">fast</subfield><subfield code="0">(OCoLC)fst01217738</subfield></datafield><datafield ind1=" " ind2="7" tag="655"><subfield code="a">Newspapers.</subfield><subfield code="2">fast</subfield><subfield code="0">(OCoLC)fst01423814</subfield></datafield><datafield ind1=" " ind2=" " tag="752"><subfield code="a">United States</subfield><subfield code="b">Illinois</subfield><subfield code="c">Stephenson</subfield><subfield code="d">Freeport.</subfield></datafield><datafield ind1="1" ind2=" " tag="775"><subfield code="t">Freeport weekly standard</subfield><subfield code="w">(DLC)sn 93056078</subfield><subfield code="w">(OCoLC)28922145</subfield></datafield><datafield ind1="0" ind2="0" tag="780"><subfield code="t">Freeport Democrat (Freeport, Ill. : Daily)</subfield><subfield code="w">(DLC)sn 93056080</subfield><subfield code="w">(OCoLC)28922250</subfield></datafield><datafield ind1="0" ind2="0" tag="785"><subfield code="t">Freeport daily standard</subfield><subfield code="w">(DLC)sn 93056082</subfield><subfield code="w">(OCoLC)28922363</subfield></datafield></record>